<?xml version="1.0" encoding="UTF-8"?><collection xmlns="http://www.loc.gov/MARC21/slim"><record><leader>00554nam--2200181-i-4500</leader><controlfield tag="001">000026225</controlfield><controlfield tag="002">20161230</controlfield><controlfield tag="005">20161230201036</controlfield><controlfield tag="008">060222s1000------------r-----000-0-eng-d</controlfield><datafield ind1=" " ind2=" " tag="040"><subfield code="a">IFIN-HH</subfield></datafield><datafield ind1=" " ind2=" " tag="080"><subfield code="a">539.143.43:539.124.143:535.33:621.37.029.6</subfield></datafield><datafield ind1="1" ind2=" " tag="100"><subfield code="a">Talpe, Jan</subfield></datafield><datafield ind1="1" ind2="0" tag="245"><subfield code="a">Theory of experiments in paramagnetic resonance</subfield><subfield code="c">Jan talpe</subfield></datafield><datafield ind1=" " ind2=" " tag="260"><subfield code="a">Oxford</subfield><subfield code="b">Pergamon Press</subfield><subfield code="c">1971</subfield></datafield><datafield ind1=" " ind2=" " tag="300"><subfield code="a">260P</subfield></datafield><datafield ind1=" " ind2=" " tag="490"><subfield code="a">International Series Of Monographs In Natural Phylosophy</subfield><subfield code="v">Vol. 33</subfield></datafield><datafield ind1=" " ind2=" " tag="852"><subfield code="a">37229</subfield><subfield code="c">539.143.43</subfield></datafield><datafield ind1=" " ind2=" " tag="CAT"><subfield code="a">Sys</subfield><subfield code="c">20120508</subfield><subfield code="h">124652</subfield></datafield></record></collection>